%% This BibTeX bibliography file was created using BibDesk.
%% http://bibdesk.sourceforge.net/


%% Created for Aaron Meyer at 2017-02-01 10:33:39 -0500


%% Saved with string encoding Unicode (UTF-8)

@article{Hlavacek:1999bb,
author = {Hlavacek, W S and Perelson, A S and Sulzer, B and Bold, J and Paar, J},
title = {{Quantifying aggregation of IgE-Fc$\epsilon$RI by multivalent antigen}},
journal = {Biophysical Journal},
year = {1999},
volume = {76},
number = {5},
pages = {2421--2431}
}

@article{GlycoAbRev,
Annote = {doi: 10.1016/j.it.2017.02.004},
Author = {Jennewein, Madeleine F. and Alter, Galit},
Booktitle = {Trends in Immunology},
Doi = {10.1016/j.it.2017.02.004},
Isbn = {1471-4906},
Journal = {Trends in Immunology},
Month = {2017/10/27},
Number = {5},
Pages = {358--372},
Publisher = {Elsevier},
Title = {The Immunoregulatory Roles of Antibody Glycosylation},
Ty = {JOUR},
Url = {http://dx.doi.org/10.1016/j.it.2017.02.004},
Volume = {38}
}

@article {Biburger:2015,
author = {Biburger, Markus and Trenkwald, Ines and Nimmerjahn, Falk},
title = {Three blocks are not enough—Blocking of the murine IgG receptor FcγRIV is crucial for proper characterization of cells by FACS analysis},
journal = {European Journal of Immunology},
volume = {45},
number = {9},
issn = {1521-4141},
url = {http://dx.doi.org/10.1002/eji.201545463},
doi = {10.1002/eji.201545463},
pages = {2694--2697},
keywords = {Antibodies, Blocking, Flow cytometry, Immunoglobulin receptors/Fc receptors, Immunological assays · Monocytes},
year = {2015},
}

@article{Gavin20,
	Author = {Gavin, Amanda L. and Barnes, Nadine and Dijstelbloem, Hilde M. and Hogarth, P. Mark},
	Date-Modified = {2017-06-16 12:07:53 +0000},
	Eprint = {http://www.jimmunol.org/content/160/1/20.full.pdf},
	Issn = {0022-1767},
	Journal = {The Journal of Immunology},
	Number = {1},
	Pages = {20--23},
	Publisher = {American Association of Immunologists},
	Title = {Cutting Edge: Identification of the Mouse IgG3 Receptor: Implications for Antibody Effector Function at the Interface Between Innate and Adaptive Immunity},
	Url = {http://www.jimmunol.org/content/160/1/20},
	Volume = {160},
	Year = {1998},
	Bdsk-Url-1 = {http://www.jimmunol.org/content/160/1/20}}

@article{Hlavacek:1999gb,
	Author = {Hlavacek, William S and Posner, Richard G and Perelson, Alan S},
	Date-Added = {2017-02-01 15:33:39 +0000},
	Date-Modified = {2017-02-01 15:33:39 +0000},
	Journal = {Biophysical Journal},
	Month = jun,
	Number = {6},
	Pages = {3031--3043},
	Title = {{Steric Effects on Multivalent Ligand-Receptor Binding: Exclusion of Ligand Sites by Bound Cell Surface Receptors}},
	Volume = {76},
	Year = {1999}}

@article{Bruhns:2009kg,
	Author = {Bruhns, P and Iannascoli, B and England, P and Mancardi, D A},
	Date-Added = {2017-02-01 15:33:06 +0000},
	Date-Modified = {2017-02-01 15:33:06 +0000},
	Journal = {Blood},
	Title = {{Specificity and affinity of human Fc$\gamma$ receptors and their polymorphic variants for human IgG subclasses}},
	Year = {2009}}

@article{Stone:2001fm,
	Author = {Stone, Jennifer D and Cochran, Jennifer R and Stern, Lawrence J},
	Date-Added = {2017-02-01 14:35:06 +0000},
	Date-Modified = {2017-02-01 14:35:06 +0000},
	Journal = {Biophysical Journal},
	Month = nov,
	Number = {5},
	Pages = {2547--2557},
	Title = {{T-Cell Activation by Soluble MHC Oligomers Can Be Described by a Two-Parameter Binding Model}},
	Volume = {81},
	Year = {2001}}

@article{Perelson:1980ds,
	Author = {Perelson, Alan S},
	Date-Added = {2017-02-01 14:34:54 +0000},
	Date-Modified = {2017-02-01 14:34:54 +0000},
	Journal = {Mathematical Biosciences},
	Month = may,
	Number = {1},
	Pages = {87--110},
	Title = {{Receptor clustering on a cell surface. II. theory of receptor cross-linking by ligands bearing two chemically distinct functional groups}},
	Volume = {49},
	Year = {1980}}

@article{Perelson:1980fs,
	Author = {Perelson, A S and DeLisi, C},
	Date-Added = {2017-02-01 14:34:54 +0000},
	Date-Modified = {2017-02-01 14:34:54 +0000},
	Journal = {Mathematical Biosciences},
	Number = {1-2},
	Pages = {71--110},
	Title = {{Receptor clustering on a cell surface. I. Theory of receptor cross-linking by ligands bearing two chemically identical functional groups}},
	Volume = {48},
	Year = {1980}}

@article{Perelson:1981iii,
	title = "Receptor clustering on a cell surface. III. theory of receptor cross-linking by multivalent ligands: description by ligand states",
	journal = "Mathematical Biosciences",
	volume = "53",
	number = "1",
	pages = "1 - 39",
	year = "1981",
	issn = "0025-5564",
	doi = "https://doi.org/10.1016/0025-5564(81)90036-5",
	url = "http://www.sciencedirect.com/science/article/pii/0025556481900365",
	author = "Alan S. Perelson"}

@article{Moynihan:2016jb,
	Author = {Moynihan, Kelly D and Opel, Cary F and Szeto, Gregory L and Tzeng, Alice and Zhu, Eric F and Engreitz, Jesse M and Williams, Robert T and Rakhra, Kavya and Zhang, Michael H and Rothschilds, Adrienne M and Kumari, Sudha and Kelly, Ryan L and Kwan, Byron H and Abraham, Wuhbet and Hu, Kevin and Mehta, Naveen K and Kauke, Monique J and Suh, Heikyung and Cochran, Jennifer R and Lauffenburger, Douglas A and Wittrup, K Dane and Irvine, Darrell J},
	Date-Added = {2017-02-01 14:34:36 +0000},
	Date-Modified = {2017-02-01 14:34:36 +0000},
	Journal = {Nature Medicine},
	Month = oct,
	Pages = {1--12},
	Title = {{Eradication of large established tumors in mice by combination immunotherapy that engages innate and adaptive immune responses}},
	Year = {2016}}

@article{Lehmann:2017ij,
	Author = {Lehmann, Birgit and Biburger, Markus and Br{\"u}ckner, Christin and Ipsen-Escobedo, Andrea and Gordan, Sina and Lehmann, Christian and Voehringer, David and Winkler, Thomas and Schaft, Niels and Dudziak, Diana and Sirbu, Horia and Weber, Georg F and Nimmerjahn, Falk},
	Journal = {Science Immunology},
	Month = jan,
	Number = {7},
	Pages = {eaah6413},
	Title = {{Tumor location determines tissue-specific recruitment of tumor-associated macrophages and antibody-dependent immunotherapy response}},
	Volume = {2},
	Year = {2017}}

@article{Nimmerjahn:2005hu,
	Author = {Nimmerjahn, Falk and Ravetch, Jeffrey V},
	Journal = {Science},
	Month = dec,
	Number = {5753},
	Pages = {1510--1512},
	Title = {{Divergent immunoglobulin g subclass activity through selective Fc receptor binding.}},
	Volume = {310},
	Year = {2005}}

@article{Biburger:2014ds,
	Author = {Biburger, Markus and Lux, Anja and Nimmerjahn, Falk},
	Journal = {Advances in immunology},
	Pages = {67--94},
	Title = {{How immunoglobulin G antibodies kill target cells: revisiting an old paradigm.}},
	Volume = {124},
	Year = {2014}}

@article{Stamatiades:2016kj,
	Author = {Stamatiades, Efstathios G and Tremblay, Marie-Eve and Bohm, Mathieu and Crozet, Lucile and Bisht, Kanchan and Kao, Daniela and Coelho, Carolina and Fan, Xiying and Yewdell, William T and Davidson, Anne and Heeger, Peter S and Diebold, Sandra and Nimmerjahn, Falk and Geissmann, Frederic},
	Journal = {Cell},
	Month = aug,
	Number = {4},
	Pages = {991--1003},
	Title = {{Immune Monitoring of Trans-endothelial Transport by Kidney-Resident Macrophages}},
	Volume = {166},
	Year = {2016}}

@article{Fourgeaud:2016ck,
	Author = {Fourgeaud, Lawrence and Trav{\'e}s, Paqui G and Tufail, Yusuf and Leal-Bailey, Humberto and Lew, Erin D and Burrola, Patrick G and Callaway, Perri and Zag{\'o}rska, Anna and Nimmerjahn, Axel and Rothlin, Carla V and Lemke, Greg},
	Journal = {Nature},
	Month = apr,
	Pages = {1--15},
	Title = {{TAM receptors regulate multiple features of microglial physiology}},
	Year = {2016}}

@article{Lux:2013iv,
	Author = {Lux, Anja and Yu, Xiaojie and Scanlan, Chris N and Nimmerjahn, Falk},
	Journal = {The Journal of Immunology},
	Month = apr,
	Number = {8},
	Pages = {4315--4323},
	Title = {{Impact of immune complex size and glycosylation on IgG binding to human Fc$\gamma$Rs.}},
	Volume = {190},
	Year = {2013}}

@article{Guilliams:2014cm,
	Author = {Guilliams, Martin and Bruhns, Pierre and Saeys, Yvan and Hammad, Hamida and Lambrecht, Bart N},
	Journal = {Nature Reviews Immunology},
	Month = feb,
	Number = {2},
	Pages = {94--108},
	Title = {{The function of Fc$\gamma$ receptors in dendritic cells and macrophages.}},
	Volume = {14},
	Year = {2014}}

@article{Clynes:2000ga,
	Author = {Clynes, R A and Towers, T L and Presta, L G and Ravetch, J V},
	Journal = {Nature Medicine},
	Number = {4},
	Pages = {443--446},
	Title = {{Inhibitory Fc receptors modulate in vivo cytoxicity against tumor targets}},
	Volume = {6},
	Year = {2000}}

@article{Mimoto:2013gf,
	Author = {Mimoto, F and Katada, H and Kadono, S and Igawa, T},
	Journal = {Protein Engineering {\ldots}},
	Title = {{Engineered antibody Fc variant with selectively enhanced Fc$\gamma$RIIb binding over both Fc$\gamma$RIIaR131 and Fc$\gamma$RIIaH131}},
	Year = {2013}}

@article{DiLillo:2015ft,
	Author = {DiLillo, David J and Ravetch, Jeffrey V},
	Journal = {Cell},
	Month = may,
	Number = {5},
	Pages = {1035--1045},
	Title = {{Differential Fc-Receptor Engagement Drives an Anti-tumor Vaccinal Effect.}},
	Volume = {161},
	Year = {2015}}

@article{Zhu:2015gy,
	Author = {Zhu, Eric F and Gai, Shuning A and Opel, Cary F and Kwan, Byron H and Surana, Rishi and Mihm, Martin C and Kauke, Monique J and Moynihan, Kelly D and Angelini, Alessandro and Williams, Robert T and Stephan, Matthias T and Kim, Jacob S and Yaffe, Michael B and Irvine, Darrell J and Weiner, Louis M and Dranoff, Glenn and Wittrup, K Dane},
	Journal = {Cancer Cell},
	Month = apr,
	Number = {4},
	Pages = {489--501},
	Title = {{Synergistic innate and adaptive immune response to combination immunotherapy with anti-tumor antigen antibodies and extended serum half-life IL-2.}},
	Volume = {27},
	Year = {2015}}

@article{ForemanMackey:2013ux,
	  author={Daniel Foreman-Mackey and David W. Hogg and Dustin Lang and Jonathan Goodman},
	  title={emcee: The MCMC Hammer},
	  journal={Publications of the Astronomical Society of the Pacific},
	  volume={125},
	  number={925},
	  pages={306},
	  year={2013}
	}

@article{Ortiz:2016kc,
	author = {Ortiz, Daniel F and Lansing, Jonathan C and Rutitzky, Laura and Kurtagic, Elma and Prod'homme, Thomas and Choudhury, Amit and Washburn, Nathaniel and Bhatnagar, Naveen and Beneduce, Christopher and Holte, Kimberly and Prenovitz, Robert and Child, Matthew and Killough, Jason and Tyler, Steven and Brown, Julia and Nguyen, Stephanie and Schwab, Inessa and Hains, Maurice and Meccariello, Robin and Markowitz, Lynn and Wang, Jing and Zouaoui, Radouane and Simpson, Allison and Schultes, Birgit and Capila, Ishan and Ling, Leona and Nimmerjahn, Falk and Manning, Anthony M and Bosques, Carlos J},
	title = {{Elucidating the interplay between IgG-Fc valency and Fc$\gamma$R activation for the design of immune complex inhibitors.}},
	journal = {Science Translational Medicine},
	year = {2016},
	volume = {8},
	number = {365},
	pages = {365ra158--365ra158},
	month = nov
	}

@article{RavetchRev,
	author = {Jeffrey V. Ravetch and Silvia Bolland},
	title = {IgG Fc Receptors},
	journal = {Annual Review of Immunology},
	volume = {19},
	number = {1},
	pages = {275-290},
	year = {2001},
	doi = {10.1146/annurev.immunol.19.1.275},
	note ={PMID: 11244038},
	URL = {http://dx.doi.org/10.1146/annurev.immunol.19.1.275},
	eprint = {http://dx.doi.org/10.1146/annurev.immunol.19.1.275}
	}

@article{Bournazos:2014cw,
	author = {Bournazos, Stylianos and Klein, Florian and Pietzsch, John and Seaman, Michael S and Nussenzweig, Michel C and Ravetch, Jeffrey V},
	title = {{Broadly neutralizing anti-HIV-1 antibodies require Fc effector functions for in vivo activity.}},
	journal = {Cell},
	year = {2014},
	volume = {158},
	number = {6},
	pages = {1243--1253},
	month = sep
}

@article{Graham:2016ws,
	author = {Graham, Matthew M and Storkey, Amos},
	title = {{Asymptotically exact inference in likelihood-free models}},
	journal = {arXiv.org},
	year = {2016},
	eprint = {1605.07826v3},
	eprinttype = {arxiv},
	eprintclass = {stat.CO},
	month = may
}

@article{Shields:2002bw,
	author = {Shields, Robert L and Lai, Jadine and Keck, Rodney and O'Connell, Lori Y and Hong, Kyu and Meng, Y Gloria and Weikert, Stefanie H A and Presta, Leonard G},
	title = {{Lack of fucose on human IgG1 N-linked oligosaccharide improves binding to human Fcgamma RIII and antibody-dependent cellular toxicity.}},
	journal = {Journal of Biological Chemistry},
	year = {2002},
	volume = {277},
	number = {30},
	pages = {26733--26740},
	month = jul
}

@article{Wingate:2011vu,
	author = {Wingate, David and Goodman, Noah and Stuhlmueller, Andreas and Siskind, Jeffrey M},
	title = {{Nonstandard Interpretations of Probabilistic Programs for Efficient Inference}},
	year = {2011},
	pages = {1152--1160}
}

@article{Piehler:2012bx,
	author = {Piehler, Jacob and Thomas, Christoph and Garcia, K Christopher and Schreiber, Gideon},
	title = {{Structural and dynamic determinants of type I interferon receptor assembly and their functional interpretation.}},
	journal = {Immunological Reviews},
	year = {2012},
	volume = {250},
	number = {1},
	pages = {317--334},
	month = nov
}

@article{Arneja:2014fz,
	author = {Arneja, Abhinav and Johnson, Hannah and Gabrovsek, Laura and Lauffenburger, Douglas A and White, Forest M},
	title = {{Qualitatively different T cell phenotypic responses to IL-2 versus IL-15 are unified by identical dependences on receptor signal strength and duration.}},
	journal = {The Journal of Immunology},
	year = {2014},
	volume = {192},
	number = {1},
	pages = {123--135},
	month = jan
}

@article{Boruchov:2005dt,
	author = {Boruchov, Adam M and Heller, Glenn and Veri, Maria-Concetta and Bonvini, Ezio and Ravetch, Jeffrey V and Young, James W},
	title = {{Activating and inhibitory IgG Fc receptors on human DCs mediate opposing functions.}},
	journal = {Journal of Clinical Investigation},
	year = {2005},
	volume = {115},
	number = {10},
	pages = {2914--2923},
	month = oct
}

@article{Dhodapkar:2005jy,
	author = {Dhodapkar, Kavita M and Kaufman, Jacob L and Ehlers, Marc and Banerjee, Devi K and Bonvini, Ezio and Koenig, Scott and Steinman, Ralph M and Ravetch, Jeffrey V and Dhodapkar, Madhav V},
	title = {{Selective blockade of inhibitory Fc$\gamma$ receptor enables human dendritic cell maturation with IL-12p70 production and immunity to antibody-coated tumor cells}},
	journal = {Proceedings Of The National Academy Of Sciences Of The United States Of America},
	year = {2005},
	volume = {102},
	number = {8},
	pages = {2910--2915},
	month = feb
}

@article{Chung:2015kz,
	author = {Chung, Amy W and Kumar, Manu P and Arnold, Kelly B and Yu, Wen Han and Schoen, Matthew K and Dunphy, Laura J and Suscovich, Todd J and Frahm, Nicole and Linde, Caitlyn and Mahan, Alison E and Hoffner, Michelle and Streeck, Hendrik and Ackerman, Margaret E and McElrath, M Juliana and Schuitemaker, Hanneke and Pau, Maria G and Baden, Lindsey R and Kim, Jerome H and Michael, Nelson L and Barouch, Dan H and Lauffenburger, Douglas A and Alter, Galit},
	title = {{Dissecting Polyclonal Vaccine-Induced Humoral Immunity against HIV Using Systems Serology}},
	journal = {Cell},
	year = {2015},
	volume = {163},
	number = {4},
	pages = {988--998},
	month = nov
}

@booklet{Geweke:1991tk,
	title = {{Evaluating the Accuracy of Sampling-based Approaches to the Calculation of Posterior Moments}},
	author = {Geweke, John},
	year = {1991}
}


@article{Robinette:2015tp,
	author = {Robinette, Michelle L and Fuchs, Anja and Cortez, Victor S and Lee, Jacob S and Wang, Yaming and Durum, Scott K and Gilfillan, Susan and Colonna, Marco and the Immunological Genome Consortium},
	title = {{Transcriptional programs define molecular characteristics of innate lymphoid cell classes and subsets}},
	journal = {Nature Immunology},
	year = {2015},
	volume = {16},
	number = {3},
	pages = {306--317},
	month = mar
}
